@PREAMBLE{
 "\providecommand{\noopsort}[1]{}" 
 # "\providecommand{\singleletter}[1]{#1}%" 
}

@article{worthington1882impact,
  title={On impact with a liquid surface},
  author={Worthington, Arthur Mason},
  journal={Proc. R. Soc. A},
  volume={34},
  number={220-223},
  pages={217--230},
  year={1882},
  publisher={The Royal Society London}
}

@article{worthington1897v,
  title={V. Impact with a liquid surface, studied by the aid of instantaneous photography},
  author={Worthington, Arthur Mason and Cole, Reginald Sorr{\`e}},
  journal={Proc. R. Soc. A},
  number={189},
  pages={137--148},
  year={1897},
  publisher={The Royal Society London}
}


@book{worthington1908study,
  title={A study of splashes},
  author={Worthington, Arthur Mason},
  year={1908},
  publisher={Longmans, Green, and Company}
}

@article{yarin2006drop,
  title={Drop impact dynamics: splashing, spreading, receding, bouncingâ€¦},
  author={Yarin, Alexander L},
  journal={Annu. Rev. Fluid Mech.},
  volume={38},
  pages={159--192},
  year={2006},
  publisher={Annual Reviews}
}

@article{Josserand2016,
author = {Josserand, C and Thoroddsen, Sigurdur T},
journal = {Annu. Rev. Fluid Mech.},
pages = {365--391},
title = {{Drop impact on a solid surface}},
volume = {48},
year = {2016}
}

@article{Ref7,
  title={Singular jets during the collapse of drop-impact craters},
  author={Thoroddsen, Sigurdur T and Takehara, K and Nguyen, HD and Etoh, TG},
  journal={J. Fluid Mech.},
  volume={848},
  year={2018},
  publisher={Cambridge University Press}
}

@article{Ref8,
  title={The entrainment of bubbles by drop impacts},
  author={Pumphrey, Hugh C and Elmore, Paul A},
  journal={Journal of Fluid Mechanics},
  volume={220},
  pages={539--567},
  year={1990},
  publisher={Cambridge University Press}
}


@book{chandrasekhar1992mathematical,
  title={The Mathematical Theory of Black Holes},
  author={Chandrasekhar, S.},
  isbn={9780198520504},
  lccn={lc93181092},
  url={https://books.google.com.sa/books?id=l6BaRwAACAAJ},
  year={1992},
  publisher={Oxford University Press}
}
series={International series of monographs on physics},

@book{weinberg1972gravitation,
  title={Gravitation and cosmology: principles and applications of the general theory of relativity},
  author={Weinberg, Steven},
  volume={1},
  year={1972},
  publisher={Wiley New York}
}

@article{choptuik1993universality,
  title={Universality and scaling in gravitational collapse of a massless scalar field},
  author={Choptuik, Matthew W},
  journal={Phys. Rev. Lett.},
  volume={70},
  number={1},
  pages={9},
  year={1993},
  publisher={APS}
}

@article{Ref3,
  title={Theory of the collapsing axisymmetric cavity},
%%Eggers J., Fontelos M. A.,Leppinen D. \& Snoeijer J. H. 
  author={Eggers, J. and Fontelos, M. A. and Leppinen, D. and Snoeijer, J. H.},
  journal={Physical review letters},
  volume={98},
  number={9},
  pages={094502},
  year={2007},
  publisher={APS}
}


@article{eggers1993universal,
  title={Universal pinching of 3D axisymmetric free-surface flow},
  author={Eggers, Jens},
  journal={Phys. Rev. Lett.},
  volume={71},
  number={21},
  pages={3458},
  year={1993},
  publisher={APS}
}

@article{eggers1994drop,
  title={Drop formation in a one-dimensional approximation of the Navier--Stokes equation},
  author={Eggers, Jens and Dupont, Todd F},
  journal={J. Fluid Mech.},
  volume={262},
  pages={205--221},
  year={1994},
  publisher={Cambridge University Press}
}

@article{brenner1997breakdown,
  title={Breakdown of scaling in droplet fission at high Reynolds number},
  author={Brenner, Michael P and Eggers, Jens and Joseph, Kathy and Nagel, Sidney R and Shi, XD},
  journal={Phys. Fluids},
  volume={9},
  number={6},
  pages={1573--1590},
  year={1997},
  publisher={AIP}
}

@book{eggers2015singularities,
  title={Singularities: Formation, Structure and Propagation},
  author={Eggers, J. and Fontelos, M.A.},
  isbn={9781107098411},
  lccn={2015016866},
  url={https://books.google.com.sa/books?id=D\_lfCgAAQBAJ},
  year={2015},
  publisher={Cambridge University Press}
}
  series={Cambridge Texts in Applied Mathematics},

@book{eggers2015singularities,
  title={Singularities: formation, structure, and propagation},
  author={Eggers, J and Fontelos, Marco Antonio},
  year={2015},
  publisher={Cambridge University Press}
}
  volume={53},

@article{Ref5,
  title={Memory-encoding vibrations in a disconnecting air bubble},
  author={Schmidt, Laura E and Keim, Nathan C and Zhang, Wendy W and Nagel, Sidney R},
  journal={Nat. Phys.},
  volume={5},
  number={5},
  pages={343},
  year={2009},
  publisher={Nature Publishing Group}
}



@article{doshi2003persistence,
  title={Persistence of memory in drop breakup: The breakdown of universality},
  author={Doshi, Pankaj and Cohen, Itai and Zhang, Wendy W and Siegel, Michael and Howell, Peter and Basaran, Osman A and Nagel, Sidney R},
  journal={Science},
  volume={302},
  number={5648},
  pages={1185--1188},
  year={2003},
  publisher={American Association for the Advancement of Science}
}





@article{keim2006breakup,
  title={Breakup of air bubbles in water: Memory and breakdown of cylindrical symmetry},
  author={Keim, Nathan C and M{\o}ller, Peder and Zhang, Wendy W and Nagel, Sidney R},
  journal={Phys. Rev. Lett.},
  volume={97},
  number={14},
  pages={144503},
  year={2006},
  publisher={APS}
}

@article{Wendyzhang2009asymmetric,
  title={Asymmetric disconnection of an underwater air bubble: Persistent neck vibrations evolve into a smooth contact},
  author={Turitsyn, Konstantin S and Lai, Lipeng and Zhang, Wendy W},
  journal={Phys. Rev. Lett.},
  volume={103},
  number={12},
  pages={124501},
  year={2009},
  publisher={APS}
}

@article{Ref1,
  title={Self-similar capillary pinchoff of an inviscid fluid},
  author={Day, Richard F and Hinch, E John and Lister, John R},
  journal={Phys. Rev. Lett.},
  volume={80},
  number={4},
  pages={704},
  year={1998},
  publisher={APS}
}

@article{Ref4,
  title={Experiments on bubble pinch-off},
  author={Thoroddsen, ST and Etoh, TG and Takehara, K},
  journal={Phys. Fluids},
  volume={19},
  number={4},
  pages={042101},
  year={2007},
  publisher={AIP}
}

@article{Ref2,
  title={Scaling and instabilities in bubble pinch-off},
  author={Burton, JC and Waldrep, R and Taborek, P},
  journal={Phys. Rev. Lett.},
  volume={94},
  number={18},
  pages={184502},
  year={2005},
  publisher={APS}
}

@article{pumphrey1990entrainment,
  title={The entrainment of bubbles by drop impacts},
  author={Pumphrey, Hugh C and Elmore, Paul A},
  journal={J. Fluid Mech.},
  volume={220},
  pages={539--567},
  year={1990},
  publisher={Cambridge University Press}
}

@article{oguz1990bubble,
  title={Bubble entrainment by the impact of drops on liquid surfaces},
  author={Oguz, Hasan N and Prosperetti, Andrea},
  journal={J. Fluid Mech.},
  volume={219},
  pages={143--179},
  year={1990},
  publisher={Cambridge University Press}
}

@article{Ref10,
  title={Dynamics of jets produced by bursting bubbles},
  author={Deike, Luc and Ghabache, Elisabeth and Liger-Belair, G{\'e}rard and Das, Arup K and Zaleski, St{\'e}phane and Popinet, St{\'e}phane and S{\'e}on, Thomas},
  journal={Phys. Rev. Fluids},
  volume={3},
  number={1},
  pages={013603},
  year={2018},
  publisher={APS}
}

@article{Yamamoto2018initiation,
  title={Initiation of the Worthington jet on the droplet impact},
  author={Yamamoto, Ken and Motosuke, Masahiro and Ogata, Satoshi},
  journal={Appl. Phys. Lett.},
  volume={112},
  number={9},
  pages={093701},
  year={2018},
  publisher={AIP Publishing}
}

@article{longuet1983bubbles,
  title={Bubbles, breaking waves and hyperbolic jets at a free surface},
  author={Longuet-Higgins, Michael S},
  journal={J. Fluid Mech.},
  volume={127},
  pages={103--121},
  year={1983},
  publisher={Cambridge University Press}
}

@article{Ref11,
  title={Singularity dynamics in curvature collapse and jet eruption on a fluid surface},
  author={Zeff, Benjamin W and Kleber, Benjamin and Fineberg, Jay and Lathrop, Daniel P},
  journal={Nature},
  volume={403},
  number={6768},
  pages={401},
  year={2000},
  publisher={Nature Publishing Group}
}

@article{pumphrey1990entrainment,
  title={The entrainment of bubbles by drop impacts},
  author={Pumphrey, Hugh C and Elmore, Paul A},
  journal={J. Fluid Mech.},
  volume={220},
  pages={539--567},
  year={1990},
  publisher={Cambridge University Press}
}

@article{Ref9,
  title={The impact of drops on liquid surfaces and the underwater noise of rain},
  author={Prosperetti, Andrea and Oguz, Hasan N},
  journal={Annu. Rev. Fluid Mech.},
  volume={25},
  number={1},
  pages={577--602},
  year={1993},
  publisher={Annual Reviews 4139 El Camino Way, PO Box 10139, Palo Alto, CA 94303-0139, USA}
}

@article{Liow2001splash,
  title={Splash formation by spherical drops},
  author={Leng, Liow Jong},
  journal={J. Fluid Mech.},
  volume={427},
  pages={73--105},
  year={2001},
  publisher={Cambridge University Press}
}

@article{fujimatsu2003interfacial,
  title={Interfacial deformation between an impacting water drop and a silicone-oil surface},
  author={Fujimatsu, Takahiro and Fujita, Hideomi and Hirota, Masafumi and Okada, Osamu},
  journal={J. Colloid Interface Sci.},
  volume={264},
  number={1},
  pages={212--220},
  year={2003},
  publisher={Elsevier}
}

@article{lhuissier2013drop,
  title={Drop fragmentation at impact onto a bath of an immiscible liquid},
  author={Lhuissier, Henri and Sun, Chao and Prosperetti, Andrea and Lohse, Detlef},
  journal={Phys. Rev. Lett.},
  volume={110},
  number={26},
  pages={264503},
  year={2013},
  publisher={APS}
}

@article{Duchemin2002jet,
  title={Jet formation in bubbles bursting at a free surface},
  author={Duchemin, Laurent and Popinet, St{\'e}phane and Josserand, Christophe and Zaleski, St{\'e}phane},
  journal={Phys. Fluids},
  volume={14},
  number={9},
  pages={3000--3008},
  year={2002},
  publisher={AIP}
}

@article{Thoraval2012,
  title={von K{\'a}rm{\'a}n vortex street within an impacting drop},
  author={Thoraval, Marie-Jean and Takehara, Kohsei and Etoh, Takeharu Goji and Popinet, St{\'e}phane and Ray, Pascal and Josserand, Christophe and Zaleski, St{\'e}phane and Thoroddsen, Sigurdur T},
  journal={Phys. Rev. Lett.},
  volume={108},
  number={26},
  pages={264506},
  year={2012},
  publisher={APS}
}

@article{Bird2018,
  title={Threshold for discretely self-similar satellite drop formation from a retracting liquid cone},
  author={Brasz, C Frederik and Berny, Alexis and Bird, James C},
  journal={Phys. Rev. Fluids},
  volume={3},
  number={10},
  pages={104002},
  year={2018},
  publisher={APS}
}


@article{Josserand2002,
  title={Jet formation in bubbles bursting at a free surface},
  author={Duchemin, Laurent and Popinet, St{\'e}phane and Josserand, Christophe and Zaleski, St{\'e}phane},
  journal={Phys. Fluids},
  volume={14},
  number={9},
  pages={3000--3008},
  year={2002},
  publisher={AIP}
}

@article{Ref12,
  title={Capillary waves control the ejection of bubble bursting jets},
  author={Gordillo, JM and Rodr{\'\i}guez-Rodr{\'\i}guez, J},
  journal={J. Fluid Mech.},
  volume={867},
  pages={556--571},
  year={2019},
  publisher={Cambridge University Press}
}

@article{tran2016hydrodynamic,
  title={Hydrodynamic extensional stress during the bubble bursting process for bioreactor system design},
  author={Tran, Thanh Tinh and Lee, Eun Gyo and Lee, In Su and Woo, Nam Sub and Han, Sang Mok and Kim, Young Ju and Hwang, Wook Ryol},
  journal={Korea-Australia Rheology Journal},
  volume={28},
  number={4},
  pages={315--326},
  year={2016},
  publisher={Springer}
}

@article{Michon2017jet,
  title={Jet dynamics post drop impact on a deep pool},
  author={Michon, Guy-Jean and Josserand, Christophe and S{\'e}on, Thomas},
  journal={Phys. Rev. Fluids},
  volume={2},
  number={2},
  pages={023601},
  year={2017},
  publisher={APS}
}

@article{Rein1996transitional,
  title={The transitional regime between coalescing and splashing drops},
  author={Rein, Martin},
  journal={J. Fluid Mech.},
  volume={306},
  pages={145--165},
  year={1996},
  publisher={Cambridge University Press}
}

@article{Ref6,
  title={Curvature singularity in the asymmetric breakup of an underwater air bubble},
  author={Lai, Lipeng},
  journal={Phys. Fluids},
  volume={24},
  number={10},
  pages={102106},
  year={2012},
  publisher={AIP}
}